@book{cervantes1999,
	address = {New York},
	edition = {1st ed},
	series = {A {Norton} critical edition},
	title = {Don {Quijote}: a new translation, backgrounds and contexts, criticism},
	isbn = {9780393972818},
	shorttitle = {Don {Quijote}},
	language = {eng},
	publisher = {W.W. Norton},
	author = {Cervantes Saavedra, Miguel de and Raffel, Burton and Wilson, Diana de Armas},
	year = {1999},
	keywords = {Cervantes Saavedra, Miguel de, Don Quixote},
}

@online{UIS2024,
	author = {Sandra Milena
	Velasco Herrera},
	title        = {Coordinación de Servicios de Alimentación},
	year         = {2024},
	month        = {marzo},
	day          = {4},
	url          = {https://uis.edu.co/uis-comedores-es/}
}

@online{UIS_Carnet_Digital,
	author = {UIS},
	title        = {Servicio de Carnet Digital},
	year         = {2024},
	month        = {julio},
	day          = {19},
	url          = {https://uis.edu.co/app-uis-es/}
}

@misc{ibmSpringBoot,
	title = {Java con Spring Boot},
	author = {{IBM}},
	year = {2024},
	howpublished = {\url{https://www.ibm.com/es-es/topics/java-spring-boot}},
	note = {Consultado: 14 de noviembre de 2024}
}

@misc{datacampPostgreSQL,
	title = {¿Qué es PostgreSQL? Cómo funciona, casos prácticos y recursos},
	author = {{DataCamp}},
	year = {2024},
	howpublished = {\url{https://www.datacamp.com/es/blog/what-is-postgresql-introduction}},
	note = {Consultado: 14 de noviembre de 2024}
}

@misc{hostingerAngular,
	title = {¿Qué es Angular?},
	author = {{Hostinger}},
	year = {2024},
	howpublished = {\url{https://www.hostinger.es/tutoriales/que-es-angular}},
	note = {Consultado: 14 de noviembre de 2024}
}

@misc{xatakaGithub,
	title = {¿Qué es GitHub, qué es y qué le ofrece a los desarrolladores?},
	author = {Yúbal Fernández},
	year = {2024},
	howpublished = {\url{https://www.xataka.com/basics/que-github-que-que-le-ofrece-a-desarrolladores}},
	note = {Consultado: 14 de noviembre de 2024}
}

@misc{hubspotGoogleMeet,
	title = {Cómo usar Google Meet},
	author = {Daniella Terreros},
	year = {2024},
	howpublished = {\url{https://blog.hubspot.es/marketing/como-usar-google-meet}},
	note = {Consultado: 14 de noviembre de 2024}
}

@misc{ionosJira,
	title = {¿Qué es Jira?},
	author = {{Equipo editorial de IONOS}},
	year = {2024},
	howpublished = {\url{https://www.ionos.es/digitalguide/paginas-web/desarrollo-web/que-es-jira/}},
	note = {Consultado: 14 de noviembre de 2024}
}

@misc{rockcontent-bootstrap,
	author = {RockContent},
	title = {Blog sobre Bootstrap},
	year = {2024},
	url = {https://rockcontent.com/es/blog/bootstrap/},
	note = {Accedido: noviembre de 2024}
}